 @misc{ wiki:desinformation,
   author = "Wikipédia",
   title = "Désinformation --- Wikipédia{,} l'encyclopédie libre",
   year = "2018",
   url = "http://fr.wikipedia.org/w/index.php?title=D%C3%A9sinformation&oldid=146557137",
   note = "[En ligne; Page disponible le 18-mars-2018]"
 }
 
 @article{hassan2017claimbuster,
  title={ClaimBuster: The First-ever End-to-end Fact-checking System},
  author={Hassan, Naeemul and Zhang, Gensheng and Arslan, Fatma and Caraballo, Josue and Jimenez, Damian and Gawsane, Siddhant and Hasan, Shohedul and Joseph, Minumol and Kulkarni, Aaditya and Nayak, Anil Kumar and others},
  journal={Proceedings of the VLDB Endowment},
  url = "https://john.cs.olemiss.edu/~nhassan/file/claimbuster-vldb17-hassan-demo.pdf",
  volume={10},
  number={7},
  year={2017}
}

@article{ciampaglia2015computational,
  title={Computational fact checking from knowledge networks},
  author={Ciampaglia, Giovanni Luca and Shiralkar, Prashant and Rocha, Luis M and Bollen, Johan and Menczer, Filippo and Flammini, Alessandro},
  journal={PloS one},
  url="http://journals.plos.org/plosone/article/file?id=10.1371/journal.pone.0128193&type=printable",
  volume={10},
  number={6},
  pages={e0128193},
  year={2015},
  publisher={Public Library of Science}
}

@misc{myslinski2013social,
  title={Social media fact checking method and system},
  author={Myslinski, Lucas J},
  year={2013},
  month=4,
  publisher={Google Patents},
  note={US Patent 8,458,046},
  url="https://patentimages.storage.googleapis.com/ed/0b/b1/077ee47771206a/US8458046.pdf"
}

@article{hassan2015quest,
  title={The quest to automate fact-checking},
  author={Hassan, Naeemul and Adair, Bill and Hamilton, James T and Li, Chengkai and Tremayne, Mark and Yang, Jun and Yu, Cong},
  journal={world},
  year={2015},
  url= "http://ranger.uta.edu/~cli/pubs/2015/claimbuster-cj15-hassan.pdf"
}

@article{haciyakupoglu2018countering,
  title={Countering Fake News: A Survey of Recent Global Initiatives},
  author={Haciyakupoglu, Gulizar and Hui, Jennifer Yang and Suguna, VS and Leong, Dymples and Rahman, Muhammad Faizal Bin Abdul},
  year={2018},
  publisher={S. Rajaratnam School of International Studies},
  url = "https://think-asia.org/bitstream/handle/11540/8063/PR180307_Countering-Fake-News.pdf"
}

@article{conroy2015automatic,
  title={Automatic deception detection: Methods for finding fake news},
  author={Conroy, Niall J and Rubin, Victoria L and Chen, Yimin},
  journal={Proceedings of the Association for Information Science and Technology},
  volume={52},
  number={1},
  pages={1--4},
  year={2015},
  publisher={Wiley Online Library},
  url="https://onlinelibrary.wiley.com/doi/epdf/10.1002/pra2.2015.145052010082"
}

@article{wang2017liar,
  title={" Liar, Liar Pants on Fire": A New Benchmark Dataset for Fake News Detection},
  author={Wang, William Yang},
  journal={arXiv preprint arXiv:1705.00648},
  year={2017},
  url="https://arxiv.org/pdf/1705.00648.pdf"
}

@phdthesis{joseph2015speaker,
  title={Speaker identification in live events using Twitter},
  author={Joseph, Minumol and others},
  year={2015},
  url="https://uta-ir.tdl.org/uta-ir/bitstream/handle/10106/25460/JOSEPH-THESIS-2015.pdf?sequence=1&isAllowed=y"
}

@techreport{heilman2009question,
  title={Question generation via overgenerating transformations and ranking},
  author={Heilman, Michael and Smith, Noah A},
  year={2009},
  institution={CARNEGIE-MELLON UNIV PITTSBURGH PA LANGUAGE TECHNOLOGIES INST},
  url="http://www.cs.cmu.edu/~mheilman/papers/heilman-smith-qg-tech-report.pdf"
}

@inproceedings{rus2013semilar,
  title={Semilar: The semantic similarity toolkit},
  author={Rus, Vasile and Lintean, Mihai and Banjade, Rajendra and Niraula, Nobal and Stefanescu, Dan},
  booktitle={Proceedings of the 51st Annual Meeting of the Association for Computational Linguistics: System Demonstrations},
  pages={163--168},
  year={2013},
  url="http://www.aclweb.org/anthology/P13-4028"
}

@misc{fullfact_state_of_AF,
  title = {The State of Automated Factchecking - Full Fact},
  howpublished = {\url{https://fullfact.org/media/uploads/full_fact-the_state_of_automated_factchecking_aug_2016.pdf}},
  note = {Accessed: 2018-04-18}
}

@online{tim,
    author    = "Tim Berners-Lee",
    title     = "Plenary at WWW Geneva 94",
    url       = "https://www.w3.org/Talks/WWW94Tim/",
    keywords  = "w3c,semantic"
}

@online{shirky,
    author    = "Clay Shirky",
    title     = "Ontology is Overrated",
    url       = "http://www.shirky.com/writings/ontology_overrated.html?goback=.gde_1838701_member_179729766",
    keywords  = "semantique"
}

@online{foaf,
    author    = "FOAF",
    title     = "FOAF Vocabulary Specification 0.99",
    url       = "http://xmlns.com/foaf/spec/",
    keywords  = "semantique,ontologie,foaf"
}

@online{rdf,
    author    = "w3c",
    title     = "RDF",
    url       = "https://www.w3.org/TR/2014/NOTE-rdf11-primer-20140624/",
    keywords  = "rdf,web,semantique"
}

@inproceedings{dong2014knowledge,
  title={Knowledge vault: A web-scale approach to probabilistic knowledge fusion},
  author={Dong, Xin and Gabrilovich, Evgeniy and Heitz, Geremy and Horn, Wilko and Lao, Ni and Murphy, Kevin and Strohmann, Thomas and Sun, Shaohua and Zhang, Wei},
  booktitle={Proceedings of the 20th ACM SIGKDD international conference on Knowledge discovery and data mining},
  pages={601--610},
  year={2014},
  organization={ACM},
  url="https://www.cs.ubc.ca/~murphyk/Papers/kv-kdd14.pdf"
}

@inproceedings{corlosquet2009produce,
  title={Produce and Consume Linked Data with Drupal!},
  author={Corlosquet, St{\'e}phane and Delbru, Renaud and Clark, Tim and Polleres, Axel and Decker, Stefan},
  booktitle={International Semantic Web Conference},
  pages={763--778},
  year={2009},
  organization={Springer},
  url="https://link.springer.com/content/pdf/10.1007/978-3-642-04930-9_48.pdf"
}

@online{semantic_web_has_failed,
    author    = "Kurt Cagle",
    title     = "Why the Semantic Web Has Failed",
    url       = "https://www.linkedin.com/pulse/why-semantic-web-has-failed-kurt-cagle",
}

@online{w3techs,
    author    = "w3techs",
    title     = "w3techs",
    url       = "https://w3techs.com/",
}

@article{vosoughi2017rumor,
  title={Rumor gauge: predicting the veracity of rumors on twitter},
  author={Vosoughi, Soroush and Mohsenvand, Mostafa‘Neo’ and Roy, Deb},
  journal={ACM Transactions on Knowledge Discovery from Data (TKDD)},
  volume={11},
  number={4},
  pages={50},
  year={2017},
  publisher={ACM},
  url="http://soroush.mit.edu/publications/a50-vosoughi.pdf",
}

@online{MichaelCopeland,
    author    = "Michael Copeland",
    title     = "What’s the Difference Between Artificial Intelligence, Machine Learning, and Deep Learning ?",
    url       = "https://blogs.nvidia.com/blog/2016/07/29/whats-difference-artificial-intelligence-machine-learning-deep-learning-ai/",
}

@article{shu2017fake,
  title={Fake news detection on social media: A data mining perspective},
  author={Shu, Kai and Sliva, Amy and Wang, Suhang and Tang, Jiliang and Liu, Huan},
  journal={ACM SIGKDD Explorations Newsletter},
  volume={19},
  number={1},
  pages={22--36},
  year={2017},
  publisher={ACM},
  url="https://arxiv.org/pdf/1708.01967.pdf",
}

@article{popat2018credeye,
  title={CredEye: A Credibility Lens for Analyzing and Explaining Misinformation},
  author={Popat, Kashyap and Mukherjee, Subhabrata and Str{\"o}tgen, Jannik and Weikum, Gerhard},
  journal={CRF},
  volume={71},
  number={88.74},
  pages={80--00},
  year={2018},
  url="http://people.mpi-inf.mpg.de/~kpopat/publications/www18_demo.pdf",
}

@article{shiralkar2017finding,
  title={Finding streams in knowledge graphs to support fact checking},
  author={Shiralkar, Prashant and Flammini, Alessandro and Menczer, Filippo and Ciampaglia, Giovanni Luca},
  journal={arXiv preprint arXiv:1708.07239},
  year={2017},
  url="https://arxiv.org/pdf/1708.07239.pdf"
}

@article{shi2016discriminative,
  title={Discriminative predicate path mining for fact checking in knowledge graphs},
  author={Shi, Baoxu and Weninger, Tim},
  journal={Knowledge-Based Systems},
  volume={104},
  pages={123--133},
  year={2016},
  publisher={Elsevier},
  url="https://arxiv.org/pdf/1510.05911.pdf"
}

@inproceedings{ehrlinger2016towards,
  title={Towards a Definition of Knowledge Graphs.},
  author={Ehrlinger, Lisa and W{\"o}{\ss}, Wolfram},
  booktitle={SEMANTiCS (Posters, Demos, SuCCESS)},
  year={2016},
  url="http://ceur-ws.org/Vol-1695/paper4.pdf",
}

@online{JoStichburyKG,
    author    = "Jo Stichbury",
    title     = "WTF is a knowledge graph?",
    url       = "https://hackernoon.com/wtf-is-a-knowledge-graph-a16603a1a25f",
}

@online{JJLGraphes,
    author    = "Jean-Jacques Lévy",
    title     = "Graphes",
    url       = "http://pauillac.inria.fr/~levy/x/tc/polycopie-1.6/main009.html",
}

@online{sh,
    author    = "Steven Hansen",
    title     = "How Big Data Is Empowering AI and Machine Learning ?",
    url       = "https://hackernoon.com/how-big-data-is-empowering-ai-and-machine-learning-4e93a1004c8f",
}

@online{schemaPerson,
    author    = "schema.org",
    title     = "Person",
    url       = "http://schema.org/Person",
}

@online{schema,
    author    = "schema.org",
    title     = "schame.org",
    url       = "http://schema.org",
}

@misc{ wiki:Triplestore,
   author = "Wikipédia",
   title = "Triplestore --- Wikipédia{,} l'encyclopédie libre",
   year = "2017",
   url = "http://fr.wikipedia.org/w/index.php?title=Triplestore&oldid=143705559",
   note = "[En ligne; Page disponible le 20-décembre-2017]"
}

 @misc{ wiki:lg,
   author = "Wikipédia",
   title = "Line graph --- Wikipédia{,} l'encyclopédie libre",
   year = "2016",
   url = "http://fr.wikipedia.org/w/index.php?title=Line_graph&oldid=127817300",
   note = "[En ligne; Page disponible le 13-juillet-2016]"
 }
 
 @online{googleai,
    author    = "Google",
    title     = "A Multilingual Corpus of Automatically Extracted Relations from Wikipedia",
    url       = "https://ai.googleblog.com/2015/06/a-multilingual-corpus-of-automatically.html",
}

 @online{ogp,
    title     = "The Open Graph protocol",
    url       = "http://ogp.me/",
}

@online{wikidata:statistics,
    author    = "Wikidata",
    title     = "Wikidata:Statistics",
    url       = "https://www.wikidata.org/wiki/Wikidata:Statistics",
}

@online{wikidata:statistics2,
    author    = "Wikidata",
    title     = "Wikidata:Statistics",
    url       = "https://tools.wmflabs.org/wikidata-todo/stats.php",
}

@article{allcott2017social,
  title={Social media and fake news in the 2016 election},
  author={Allcott, Hunt and Gentzkow, Matthew},
  journal={Journal of Economic Perspectives},
  volume={31},
  number={2},
  pages={211--36},
  year={2017},
  url="https://web.stanford.edu/~gentzkow/research/fakenews.pdf",
}
@online{google:kg,
    author    = "Google",
    title     = "Introducing the Knowledge Graph: things, not strings ",
    url       = "https://googleblog.blogspot.fr/2012/05/introducing-knowledge-graph-things-not.html",
}

@article{nickel2016review,
  title={A review of relational machine learning for knowledge graphs},
  author={Nickel, Maximilian and Murphy, Kevin and Tresp, Volker and Gabrilovich, Evgeniy},
  journal={Proceedings of the IEEE},
  volume={104},
  number={1},
  pages={11--33},
  year={2016},
  publisher={IEEE},
  url="https://arxiv.org/pdf/1503.00759v3.pdf"
}

@article{wilcke2017knowledge,
  title={The knowledge graph as the default data model for learning on heterogeneous knowledge},
  author={Wilcke, Xander and Bloem, Peter and De Boer, Victor},
  journal={Data Science},
  number={Preprint},
  pages={1--19},
  year={2017},
  publisher={IOS Press},
  url="https://datasciencehub.net/system/files/ds-paper-439.pdf"
}

@article{krawetz2007picture,
  title={A Picture’s Worth...},
  author={Krawetz, Neal and Solutions, Hacker Factor},
  journal={Hacker Factor Solutions},
  pages={1--31},
  year={2007},
  url="https://www.blackhat.com/presentations/bh-usa-07/Krawetz/Whitepaper/bh-usa-07-krawetz-WP.pdf"
}

@article{markowitz2014linguistic,
  title={Linguistic traces of a scientific fraud: The case of Diederik Stapel},
  author={Markowitz, David M and Hancock, Jeffrey T},
  journal={PloS one},
  volume={9},
  number={8},
  pages={e105937},
  year={2014},
  publisher={Public Library of Science}
}

@inproceedings{feng2012syntactic,
  title={Syntactic stylometry for deception detection},
  author={Feng, Song and Banerjee, Ritwik and Choi, Yejin},
  booktitle={Proceedings of the 50th Annual Meeting of the Association for Computational Linguistics: Short Papers-Volume 2},
  pages={171--175},
  year={2012},
  organization={Association for Computational Linguistics},
  url="http://www.aclweb.org/anthology/P12-2034"
}

@misc{collinsprobabilistic,
  title={Probabilistic Context-Free Grammars},
  author={Collins, Michael},
  url="http://www.cs.columbia.edu/~mcollins/courses/nlp2011/notes/pcfgs.pdf"
}

@online{news_across_platforms_2017,
    author    = "Elisa Shearer and Jeffrey Gottfried",
    title     = "News Use Across Social Media Platforms 2017",
    url       = "http://www.journalism.org/2017/09/07/news-use-across-social-media-platforms-2017/",
}

@article{spenkuch2016political,
  title={Political advertising and election outcomes},
  author={Spenkuch, J{\"o}rg L and Toniatti, David},
  year={2016},
  url="https://www.econstor.eu/bitstream/10419/130417/1/cesifo1_wp5780.pdf"
}

@article{gerber2015,
  title={Defacto—temporal and multilingual deep fact validation},
  author={Gerber, Daniel and Esteves, Diego and Lehmann, Jens and B{\"u}hmann, Lorenz and Usbeck, Ricardo and Ngomo, Axel-Cyrille Ngonga and Speck, Ren{\'e}},
  journal={Web Semantics: Science, Services and Agents on the World Wide Web},
  volume={35},
  pages={85--101},
  year={2015},
  publisher={Elsevier},
  url="https://gesispanel.gesis.org/preprints/index.php/ps/article/viewFile/426/441"
}

@online{lemonde_fact_check_nouveaute_journalistique,
    author    = "Xavier Ternisien",
    title     = "Le 'fact checking', nouveauté journalistique",
    url       = "https://www.lemonde.fr/technologies/article/2011/09/22/le-fact-checking-nouveaute-journalistique_1575952_651865.html",
}

@online{memoire_fact_check_nouveaute_journalistique,
    author    = "Kevin POIREAULT",
    title     = "Le fact-checking, nouveau genre journalistique ?",
    url="https://www.google.com/url?sa=t&rct=j&q=&esrc=s&source=web&cd=2&ved=0ahUKEwjjouC_nbDbAhVrM5oKHUXIBiIQFgg4MAE&url=https%3A%2F%2Fiepweb.sciencespo-rennes.fr%2Fbibli_doc%2Fdownload%2F796%2F&usg=AOvVaw1-iUYjiEy3G1Pbp0j7z1Ap"
}

@online{nlp_not_perfect,
    author    = "Aaron Kandola",
    title     = "What is NLP and what is it used for?",
    url="https://www.medicalnewstoday.com/articles/320368.php"
}

@inproceedings{hassan2017toward,
  title={Toward automated fact-checking: Detecting check-worthy factual claims by ClaimBuster},
  author={Hassan, Naeemul and Arslan, Fatma and Li, Chengkai and Tremayne, Mark},
  booktitle={Proceedings of the 23rd ACM SIGKDD International Conference on Knowledge Discovery and Data Mining},
  pages={1803--1812},
  year={2017},
  organization={ACM},
  url="http://ranger.uta.edu/~cli/pubs/2017/claimbuster-kdd17-hassan.pdf"
}

@inproceedings{fernandez2018online,
  title={Online Misinformation: Challenges and Future Directions},
  author={Fernandez, Miriam and Alani, Harith},
  booktitle={Companion of the The Web Conference 2018 on The Web Conference 2018},
  pages={595--602},
  year={2018},
  organization={International World Wide Web Conferences Steering Committee},
  url="http://oro.open.ac.uk/53734/1/sample-sigconf.pdf"
}

@article{dong2015knowledge,
  title={Knowledge-based trust: Estimating the trustworthiness of web sources},
  author={Dong, Xin Luna and Gabrilovich, Evgeniy and Murphy, Kevin and Dang, Van and Horn, Wilko and Lugaresi, Camillo and Sun, Shaohua and Zhang, Wei},
  journal={Proceedings of the VLDB Endowment},
  volume={8},
  number={9},
  pages={938--949},
  year={2015},
  publisher={VLDB Endowment},
  url="https://arxiv.org/pdf/1502.03519.pdf"
}

@article{cobb2013beliefs,
  title={Beliefs don't always persevere: How political figures are punished when positive information about them is discredited},
  author={Cobb, Michael D and Nyhan, Brendan and Reifler, Jason},
  journal={Political Psychology},
  volume={34},
  number={3},
  pages={307--326},
  year={2013},
  publisher={Wiley Online Library},
  url="https://s3.amazonaws.com/academia.edu.documents/31338291/Beliefs_Dont_Always_Persevere__How_Political_Figures_Are_Punished_When_Positive_Information_about_Them_Is_Discredited.pdf?AWSAccessKeyId=AKIAIWOWYYGZ2Y53UL3A&Expires=1528733398&Signature=QqxrbAcz5pgw6P1ELehun4D6OPo\%3D&response-content-disposition=inline\%3B\%20filename\%3DBeliefs_dont_always_persevere....pdf"
}

@online{allemagne_fake_news,
    author    = "Johanna Luyssen",
    title     = "En Allemagne, une loi qui ne fait pas de distinction entre humeurs et humour",
    url="http://www.liberation.fr/planete/2018/01/04/en-allemagne-une-loi-qui-ne-fait-pas-de-distinction-entre-humeurs-et-humour_1620421"
}

@article{jozefowicz2016exploring,
  title={Exploring the limits of language modeling},
  author={Jozefowicz, Rafal and Vinyals, Oriol and Schuster, Mike and Shazeer, Noam and Wu, Yonghui},
  journal={arXiv preprint arXiv:1602.02410},
  year={2016},
  url="https://arxiv.org/pdf/1602.02410.pdf?utm_content=buffer31173&utm_medium=social&utm_source=twitter.com&utm_campaign=buffer"
}

@article{gravesfactsheet,
  title={FACTSHEET: Understanding the Promise and Limits of Automated Fact-Checking},
  author={Graves, Lucas},
  url="https://reutersinstitute.politics.ox.ac.uk/sites/default/files/2018-02/graves_factsheet_180226\%20FINAL.pdf"
}


